@misc{aStar,
author = {Rajiv Eranki},
title = {Pathfinding using A* (A-Star)},
howpublished = {http://web.mit.edu/eranki/www/tutorials/search/},
note = {2016-09-20}
},

@misc{amit,
author = {Amit Patel},
title = {Pathfinding in games},
howpublished = {http://theory.stanford.edu/~amitp/GameProgramming/},
note = {2016-09-20}
},

@misc{manD,
author = {Paul E. Black},
title = {Manhattan distance},
howpublished = {https://xlinux.nist.gov/dads/HTML/manhattanDistance.html},
note = {2016-09-20}
},

@misc{git,
author = {Git},
title = {Git --fast-version-control},
howpublished = {https://git-scm.com/},
note = {2016-09-20}
},

@misc{rLang,
author = {The R Foundation},
title = {What is R?},
howpublished = {https://www.r-project.org/about.html},
note = {2016-09-20}
},

@misc{eucD,
author = {Paul E. Black},
title = {"Euclidean distance"},
howpublished = {https://xlinux.nist.gov/dads/HTML/euclidndstnc.html},
note = {2016-09-20}
},

@article{nils,
    author  = "Peter E. Hart, Nils J. Nilsson, Bertram Raphael",
    title   = "A Formal Basis for the Heuristic Determination of Minimum Cost Paths",
    year    = "1968",
    journal = "IEEE Transactions on Systems Science and Cybernetics ",
    volume  = "4",
    pages   = "100 - 107"
},